<?xml version="1.0" encoding="utf-8"?>
<record xmlns="http://www.loc.gov/MARC21/slim" xmlns:xsi="http://www.w3.org/2001/XMLSchema-instance" xsi:schemaLocation="http://www.loc.gov/MARC21/slim http://www.loc.gov/standards/marcxml/schema/MARC21slim.xsd">
	<leader>     nam a22     Mi 4500</leader>
	<controlfield tag="001">b12374647</controlfield>
	<controlfield tag="003">LeBAU</controlfield>
	<controlfield tag="006">m        d        </controlfield>
	<controlfield tag="007">cr cn |||m|||a</controlfield>
	<controlfield tag="008">180604s1947    le      o       0 0 ara d</controlfield>
	<datafield ind1=" " ind2=" " tag="040">
		<subfield code="a">ZYU</subfield>
		<subfield code="b">ara</subfield>
		<subfield code="e">rda</subfield>
		<subfield code="c">ZYU</subfield>
	</datafield>
	<datafield ind1="0" ind2="4" tag="082">
		<subfield code="a">301.15</subfield>
		<subfield code="2">20</subfield>
	</datafield>
	<datafield ind1="1" ind2=" " tag="100">
		<subfield code="6">880-01</subfield>
		<subfield code="a">Dāghir, Yūsuf Asʻad,</subfield>
		<subfield code="e">author.</subfield>
	</datafield>
	<datafield ind1="1" ind2="0" tag="245">
		<subfield code="6">880-02</subfield>
		<subfield code="a">al-Da‘āwah wa-al-nashr, aw, al-brūbaghandā /</subfield>
		<subfield code="c">Yūsuf As‘ad Dāghir, Amīn Dār al-Kutub al-Lubnānīyah.</subfield>
	</datafield>
	<datafield ind1="3" ind2="3" tag="246">
		<subfield code="6">880-03</subfield>
		<subfield code="a">Brūbaghandā</subfield>
	</datafield>
	<datafield ind1=" " ind2="1" tag="264">
		<subfield code="6">880-04</subfield>
		<subfield code="a">Ḥarīṣā :</subfield>
		<subfield code="b">Maṭbaʻat al-Qiddīs Būlus,</subfield>
		<subfield code="c">1947.</subfield>
	</datafield>
	<datafield ind1=" " ind2=" " tag="300">
		<subfield code="6">880-05</subfield>
		<subfield code="a">online resource (28 pages)</subfield>
	</datafield>
	<datafield ind1=" " ind2=" " tag="336">
		<subfield code="a">text</subfield>
		<subfield code="2">rdacontent</subfield>
	</datafield>
	<datafield ind1=" " ind2=" " tag="337">
		<subfield code="a">computer</subfield>
		<subfield code="2">rdamedia</subfield>
	</datafield>
	<datafield ind1=" " ind2=" " tag="338">
		<subfield code="a">online resource</subfield>
		<subfield code="2">rdacarrier</subfield>
	</datafield>
	<datafield ind1=" " ind2=" " tag="500">
		<subfield code="a">&quot;نشرت تباعاً في مجلة المسرة سنة 1947.&quot;</subfield>
	</datafield>
	<datafield ind1=" " ind2=" " tag="500">
		<subfield code="a">Part of the Arabic Collections Online (ACO) project, contributed by American University of Beirut's Jafet Memorial Library.</subfield>
	</datafield>
	<datafield ind1=" " ind2=" " tag="533">
		<subfield code="a">Electronic reproduction.</subfield>
		<subfield code="b">New York, N.Y. :</subfield>
		<subfield code="c">New York University,</subfield>
		<subfield code="d">2018.</subfield>
		<subfield code="5">NNU</subfield>
	</datafield>
	<datafield ind1=" " ind2="4" tag="650">
		<subfield code="a">الدعاية.</subfield>
	</datafield>
	<datafield ind1=" " ind2="4" tag="650">
		<subfield code="a">الدعاية العربية.</subfield>
	</datafield>
	<datafield ind1=" " ind2="0" tag="650">
		<subfield code="a">Propaganda.</subfield>
	</datafield>
	<datafield ind1=" " ind2="0" tag="650">
		<subfield code="a">Propaganda, Arab.</subfield>
	</datafield>
	<datafield ind1="2" ind2=" " tag="710">
		<subfield code="a">Jafet Memorial Library.</subfield>
	</datafield>
	<datafield ind1="0" ind2=" " tag="730">
		<subfield code="a">Arabic Collections Online.</subfield>
	</datafield>
	<datafield ind1="0" ind2="8" tag="776">
		<subfield code="i">Print version:</subfield>
		<subfield code="a">Dāghir, Yūsuf Asʻad, author.</subfield>
		<subfield code="t">al-Da‘āwah wa-al-nashr, aw, al-brūbaghandā</subfield>
		<subfield code="w">(LeBAU)b12374647</subfield>
	</datafield>
	<datafield ind1="0" ind2=" " tag="777">
		<subfield code="6">880-06</subfield>
		<subfield code="i">has whole-part manifestation relationship with</subfield>
		<subfield code="4">http://rdaregistry.info/Elements/m/P30213:</subfield>
		<subfield code="t">Masarrah : majallat baṭrīyarkīyat al-Rūm al-Kāthūlīk : dīnīyah, ‘ilmīyah, tārīkhīyah, ikhbārīyah.</subfield>
		<subfield code="d">Ḥarīṣā, Lubnān : al-Ābāʼ al-Mursalīn al-Būlusīyīn, 1910-</subfield>
		<subfield code="w">b12819281</subfield>
	</datafield>
	<datafield ind1="4" ind2="0" tag="856">
		<subfield code="u">http://hdl.handle.net/2333.1/bcc2fz5r</subfield>
	</datafield>
	<datafield ind1="1" ind2=" " tag="880">
		<subfield code="6">100-01</subfield>
		<subfield code="a">داغر، يوسف اسعد،</subfield>
		<subfield code="e">مؤلف. </subfield>
		<subfield code="4">aut.</subfield>
	</datafield>
	<datafield ind1="1" ind2="3" tag="880">
		<subfield code="6">245-02</subfield>
		<subfield code="a">الدعاوة والنشر، أو، البروبغندا /</subfield>
		<subfield code="c">يوسف أسعد داغر، أمين دار الكتب اللبنانية.</subfield>
	</datafield>
	<datafield ind1="3" ind2="0" tag="880">
		<subfield code="6">246-03</subfield>
		<subfield code="a">البروبغندا</subfield>
	</datafield>
	<datafield ind1=" " ind2="1" tag="880">
		<subfield code="6">264-04</subfield>
		<subfield code="a">حريصا :</subfield>
		<subfield code="b">مطبعة القديس بولس،</subfield>
		<subfield code="c">1947.</subfield>
	</datafield>
	<datafield ind1=" " ind2=" " tag="880">
		<subfield code="6">300-05</subfield>
		<subfield code="a">28 صفحة ؛</subfield>
		<subfield code="c">23 سم</subfield>
	</datafield>
	<datafield ind1="0" ind2=" " tag="880">
		<subfield code="6">777-06</subfield>
		<subfield code="i">علاقة جزء كل مع تجسيدة</subfield>
		<subfield code="4">http://rdaregistry.info/Elements/m/P30213:</subfield>
		<subfield code="t">المسرة : مجلة بطريركية الروم الكاثوليك : دينية، علمية، تاريخية، اخبارية.</subfield>
		<subfield code="d">حريصا، لبنان : الآباء المرسلين البولسيين، 1910-</subfield>
		<subfield code="w">b12819281</subfield>
	</datafield>
	<datafield ind1=" " ind2=" " tag="959">
		<subfield code="a">NNU</subfield>
		<subfield code="b">WEB</subfield>
		<subfield code="c">GENI</subfield>
		<subfield code="t">0</subfield>
		<subfield code="m">Electronic access</subfield>
		<subfield code="s">01</subfield>
	</datafield>
	<datafield ind1=" " ind2=" " tag="999">
		<subfield code="i">LeBAU_b12374647</subfield>
		<subfield code="s">aub_aco002023</subfield>
		<subfield code="e">(ERROR-MISC)</subfield>
	</datafield>
</record>
